@article{tibshirani2012strong,
  title={Strong rules for discarding predictors in lasso-type problems},
  author={Tibshirani, Robert and Bien, Jacob and Friedman, Jerome and Hastie, Trevor and Simon, Noah and Taylor, Jonathan and Tibshirani, Ryan J},
  journal={Journal of the Royal Statistical Society: Series B (Statistical Methodology)},
  volume={74},
  number={2},
  pages={245--266},
  year={2012},
  publisher={Wiley Online Library}
}

@book{Larry2020all,
  author = {Wasserman, Larry},
  title = {All of Statistics: A Concise Course in Statistical Inference},
  year = {2010},
  isbn = {1441923225},
  publisher = {Springer Publishing Company, Incorporated}
}

@article{butler2018integrating,
  title={Integrating single-cell transcriptomic data across different conditions, technologies, and species},
  author={Butler, Andrew and Hoffman, Paul and Smibert, Peter and Papalexi, Efthymia and Satija, Rahul},
  journal={Nature biotechnology},
  volume={36},
  number={5},
  pages={411--420},
  year={2018},
  publisher={Nature Publishing Group}
}

@article{brunet2004metagenes,
  title={Metagenes and molecular pattern discovery using matrix factorization},
  author={Brunet, Jean-Philippe and Tamayo, Pablo and Golub, Todd R and Mesirov, Jill P},
  journal={Proceedings of the national academy of sciences},
  volume={101},
  number={12},
  pages={4164--4169},
  year={2004},
  publisher={National Acad Sciences}
}

@article{liu2020jointly,
  title={Jointly defining cell types from multiple single-cell datasets using LIGER},
  author={Liu, Jialin and Gao, Chao and Sodicoff, Joshua and Kozareva, Velina and Macosko, Evan Z and Welch, Joshua D},
  journal={Nature protocols},
  volume={15},
  number={11},
  pages={3632--3662},
  year={2020},
  publisher={Nature Publishing Group}
}

@Article{friedman2010reg,
  title = {Regularization Paths for Generalized Linear Models via Coordinate Descent},
  author = {Jerome Friedman and Trevor Hastie and Robert Tibshirani},
  journal = {Journal of Statistical Software},
  year = {2010},
  volume = {33},
  number = {1},
  pages = {1--22},
  url = {https://www.jstatsoft.org/v33/i01/},
}

@article{hicks2018missing,
  title={Missing data and technical variability in single-cell RNA-sequencing experiments},
  author={Hicks, Stephanie C and Townes, F William and Teng, Mingxiang and Irizarry, Rafael A},
  journal={Biostatistics},
  volume={19},
  number={4},
  pages={562--578},
  year={2018},
  publisher={Oxford University Press}
}

@article{qian2022scinsight,
  title={scINSIGHT for interpreting single-cell gene expression from biologically heterogeneous data},
  author={Qian, Kun and Fu, Shiwei and Li, Hongwei and Li, Wei Vivian},
  journal={Genome biology},
  volume={23},
  number={1},
  pages={1--23},
  year={2022},
  publisher={BioMed Central}
}

@article{stein2018enter,
  title={Enter the matrix: factorization uncovers knowledge from omics},
  author={Stein-O'Brien, Genevieve L and Arora, Raman and Culhane, Aedin C and Favorov, Alexander V and Garmire, Lana X and Greene, Casey S and Goff, Loyal A and Li, Yifeng and Ngom, Aloune and Ochs, Michael F and others},
  journal={Trends in Genetics},
  volume={34},
  number={10},
  pages={790--805},
  year={2018},
  publisher={Elsevier}
}

@article{lee2006efficient,
  title={Efficient sparse coding algorithms},
  author={Lee, Honglak and Battle, Alexis and Raina, Rajat and Ng, Andrew},
  journal={Advances in neural information processing systems},
  volume={19},
  year={2006}
}

@article{kim2007sparse,
  title={Sparse non-negative matrix factorizations via alternating non-negativity-constrained least squares for microarray data analysis},
  author={Kim, Hyunsoo and Park, Haesun},
  journal={Bioinformatics},
  volume={23},
  number={12},
  pages={1495--1502},
  year={2007},
  publisher={Oxford University Press}
}

@article{kai2022insider,
  title={INSIDER: Interpretable Sparse Matrix Decomposition for Bulk \uppercase{RNA} Expression Data Analysis},
  author={ZHAO, Kai and Huang, Sen and Cuichan, LIN and Sham, Pak C and Hon-Cheong, SO and Lin, Zhixiang},
  journal={bioRxiv},
  year={2022},
  publisher={Cold Spring Harbor Laboratory}
}

@inproceedings{mairal2009online,
  title={Online dictionary learning for sparse coding},
  author={Mairal, Julien and Bach, Francis and Ponce, Jean and Sapiro, Guillermo},
  booktitle={Proceedings of the 26th annual international conference on machine learning},
  pages={689--696},
  year={2009}
}

@article{gao2021iterative,
  title={Iterative single-cell multi-omic integration using online learning},
  author={Gao, Chao and Liu, Jialin and Kriebel, April R and Preissl, Sebastian and Luo, Chongyuan and Castanon, Rosa and Sandoval, Justin and Rivkin, Angeline and Nery, Joseph R and Behrens, Margarita M and others},
  journal={Nature biotechnology},
  volume={39},
  number={8},
  pages={1000--1007},
  year={2021},
  publisher={Nature Publishing Group}
}

@article{zhao2022insider,
  title={INSIDER: Interpretable Sparse Matrix Decomposition for Bulk RNA Expression Data Analysis},
  author={Zhao, Kai and Huang, Sen and Lin, Cuichan and Sham, Pak C and So, Hon-Cheong and Lin, Zhixiang},
  journal={bioRxiv},
  pages={2022--11},
  year={2022},
  publisher={Cold Spring Harbor Laboratory}
}